@online{zotero-1437,
  title = {The {{VASP Manual}} - {{Vaspwiki}}},
  url = {https://cms.mpi.univie.ac.at/wiki/index.php/The_VASP_Manual},
  urldate = {2019-11-14}
}

@online{zotero-1453,
  title = {Energy vs Volume {{Volume}} Relaxations and {{Pulay}} Stress - {{Vaspwiki}}},
  url = {https://cms.mpi.univie.ac.at/wiki/index.php/Energy_vs_volume_Volume_relaxations_and_Pulay_stress},
  urldate = {2019-11-14}
}

@online{nist,
  title = {Neutron scattering lengths and cross sections},
  url = {https://www.ncnr.nist.gov/resources/n-lengths/},
  urldate = {2019-11-21}
}

@online{in8,
  title = {Thermal neutron three-axis spectrometer IN8},
  url = {https://www.ill.eu/users/instruments/instruments-list/in8/description/instrument-layout/},
  urldate = {2019-11-22}
}

@online{in4,
  title = {Thermal neutron time-of-flight spectrometer IN4C},
  url = {https://www.ill.eu/users/instruments/instruments-list/in4c/description/instrument-layout/},
  urldate = {2019-11-22}
}

@online{d4,
  title = {Disordered Materials Diffractometer},
  url = {https://www.ill.eu/users/instruments/instruments-list/d4/description/instrument-layout/},
  urldate = {2019-11-22}
}

@online{phonopywebsite,
  title = {Phonopy website},
  url = {https://atztogo.github.io/phonopy/},
  urldate = {2019-11-25}
}

@online{flatcone,
  title = {FlatCone},
  url = {https://www.ill.eu/users/instruments/instruments-list/flatcone/},
  urldate = {2019-11-27}
}

@online{nplot,
  title = {nplot},
  url = {https://github.com/nplot/nplot},
  urldate = {2019-11-28}
}

@online{mantid_dos,
  title = {ComputeIncoherentDOS v1},
  url = {https://docs.mantidproject.org/v3.11.0/algorithms/ComputeIncoherentDOS-v1.html},
  urldate = {2019-11-30}
}

@article{Holm2019,
    journal = {Manuscript in preparation},
    author = {Holm-Dahlin, S. and Larsen, J. and Jacobsen, H. and R\o{}mer, A. T. and \c{T}u\c{t}ueanu, A.-E. and Ahmad, M. and Grivel, J.-C. and Goko, T. and Scheuermann, R. and v Zimmermann, M. and Boehm, M. and Steffens, P. and Conder, K. and Niedermayer, Ch. and Pedersen, K. S. and Christensen, N. B. and Emery, S. B. and Wells, B. O and Lefmann, K. and Udby, L.},
    year = 2019,
}